<record><leader>00000cas a2200000Ia 4500</leader><controlfield tag="001">28438695</controlfield><controlfield tag="008">930712d192219uucaudr ne      0    0eng d</controlfield><datafield ind1=" " ind2=" " tag="010"><subfield code="a">sn 93052099 </subfield></datafield><datafield ind1=" " ind2=" " tag="040"><subfield code="a">CUY</subfield><subfield code="b">eng</subfield><subfield code="c">CNK</subfield><subfield code="d">OCLCQ</subfield><subfield code="d">CNK</subfield><subfield code="d">OCLCQ</subfield><subfield code="d">OCLCF</subfield><subfield code="d">OCLCO</subfield></datafield><datafield ind1=" " ind2=" " tag="043"><subfield code="a">n-us-ca</subfield></datafield><datafield ind1="0" ind2="0" tag="245"><subfield code="a">Fresno evening herald.</subfield></datafield><datafield ind1="3" ind2="0" tag="246"><subfield code="a">Evening Fresno herald</subfield></datafield><datafield ind1="3" ind2="0" tag="246"><subfield code="a">Evening herald</subfield></datafield><datafield ind1=" " ind2=" " tag="260"><subfield code="a">Fresno, Calif. :</subfield><subfield code="b">Fresno Pub. Co.</subfield></datafield><datafield ind1=" " ind2=" " tag="300"><subfield code="a">v. :</subfield><subfield code="b">ill.</subfield></datafield><datafield ind1=" " ind2=" " tag="310"><subfield code="a">Daily</subfield></datafield><datafield ind1="0" ind2=" " tag="362"><subfield code="a">Vol. 65, no. 51 (Mar. 1, 1922)-</subfield></datafield><datafield ind1=" " ind2=" " tag="500"><subfield code="a">"Fresno" appears above masthead ornament.</subfield></datafield><datafield ind1=" " ind2=" " tag="530"><subfield code="a">Master negatives are available for duplication from:</subfield><subfield code="b">California Newspaper Microfilm Archive;</subfield><subfield code="c">positive copies may be purchased by the reel; for further information consult the CNMA at:</subfield><subfield code="u">http://cbsr.ucr.edu</subfield></datafield><datafield ind1=" " ind2="0" tag="651"><subfield code="a">Fresno (Calif.)</subfield><subfield code="v">Newspapers.</subfield></datafield><datafield ind1=" " ind2="7" tag="655"><subfield code="a">Newspapers.</subfield><subfield code="2">fast</subfield><subfield code="0">(OCoLC)fst01423814</subfield></datafield><datafield ind1=" " ind2="7" tag="651"><subfield code="a">California</subfield><subfield code="z">Fresno.</subfield><subfield code="2">fast</subfield><subfield code="0">(OCoLC)fst01207374</subfield></datafield><datafield ind1=" " ind2=" " tag="752"><subfield code="a">United States</subfield><subfield code="b">California</subfield><subfield code="c">Fresno</subfield><subfield code="d">Fresno.</subfield></datafield><datafield ind1="0" ind2="0" tag="780"><subfield code="t">Fresno herald</subfield><subfield code="w">(DLC)sn 93052098</subfield></datafield><datafield ind1="0" ind2="5" tag="780"><subfield code="t">Co-operative Californian</subfield><subfield code="w">(DLC)sn 93052100</subfield></datafield></record>